@String(PAMI = {IEEE Trans. Pattern Anal. Mach. Intell.})
@String(IJCV = {Int. J. Comput. Vis.})
@String(CVPR= {IEEE Conf. Comput. Vis. Pattern Recog.})
@String(ICCV= {Int. Conf. Comput. Vis.})
@String(ECCV= {Eur. Conf. Comput. Vis.})
@String(NIPS= {Adv. Neural Inform. Process. Syst.})
@String(ICPR = {Int. Conf. Pattern Recog.})
@String(BMVC= {Brit. Mach. Vis. Conf.})
@String(TOG= {ACM Trans. Graph.})
@String(TIP  = {IEEE Trans. Image Process.})
@String(TVCG  = {IEEE Trans. Vis. Comput. Graph.})
@String(TMM  = {IEEE Trans. Multimedia})
@String(ACMMM= {ACM Int. Conf. Multimedia})
@String(ICME = {Int. Conf. Multimedia and Expo})
@String(ICASSP=	{ICASSP})
@String(ICIP = {IEEE Int. Conf. Image Process.})
@String(ACCV  = {ACCV})
@String(ICLR = {Int. Conf. Learn. Represent.})
@String(IJCAI = {IJCAI})
@String(PR   = {Pattern Recognition})
@String(AAAI = {AAAI})
@String(CVPRW= {IEEE Conf. Comput. Vis. Pattern Recog. Worksh.})
@String(CSVT = {IEEE Trans. Circuit Syst. Video Technol.})

@String(SPL	= {IEEE Sign. Process. Letters})
@String(VR   = {Vis. Res.})
@String(JOV	 = {J. Vis.})
@String(TVC  = {The Vis. Comput.})
@String(JCST  = {J. Comput. Sci. Tech.})
@String(CGF  = {Comput. Graph. Forum})
@String(CVM = {Computational Visual Media})


@String(PAMI  = {IEEE TPAMI})
@String(IJCV  = {IJCV})
@String(CVPR  = {CVPR})
@String(ICCV  = {ICCV})
@String(ECCV  = {ECCV})
@String(NIPS  = {NeurIPS})
@String(ICPR  = {ICPR})
@String(BMVC  =	{BMVC})
@String(TOG   = {ACM TOG})
@String(TIP   = {IEEE TIP})
@String(TVCG  = {IEEE TVCG})
@String(TCSVT = {IEEE TCSVT})
@String(TMM   =	{IEEE TMM})
@String(ACMMM = {ACM MM})
@String(ICME  =	{ICME})
@String(ICASSP=	{ICASSP})
@String(ICIP  = {ICIP})
@String(ACCV  = {ACCV})
@String(ICLR  = {ICLR})
@String(IJCAI = {IJCAI})
@String(PR = {PR})
@String(AAAI = {AAAI})
@String(CVPRW= {CVPRW})
@String(CSVT = {IEEE TCSVT})

@inproceedings{lecuyer2019certified,
  title={Certified robustness to adversarial examples with differential privacy},
  author={Lecuyer, Mathias and Atlidakis, Vaggelis and Geambasu, Roxana and Hsu, Daniel and Jana, Suman},
  booktitle={2019 IEEE symposium on security and privacy (SP)},
  pages={656--672},
  year={2019},
  organization={IEEE}
}

@inproceedings{cohen2019certified,
  title={Certified adversarial robustness via randomized smoothing},
  author={Cohen, Jeremy and Rosenfeld, Elan and Kolter, Zico},
  booktitle={international conference on machine learning},
  pages={1310--1320},
  year={2019},
  organization={PMLR}
}

@article{salman2019provably,
  title={Provably robust deep learning via adversarially trained smoothed classifiers},
  author={Salman, Hadi and Li, Jerry and Razenshteyn, Ilya and Zhang, Pengchuan and Zhang, Huan and Bubeck, Sebastien and Yang, Greg},
  journal={Advances in Neural Information Processing Systems},
  volume={32},
  year={2019}
}

@article{jeong2020consistency,
  title={Consistency regularization for certified robustness of smoothed classifiers},
  author={Jeong, Jongheon and Shin, Jinwoo},
  journal={Advances in Neural Information Processing Systems},
  volume={33},
  pages={10558--10570},
  year={2020}
}

@article{zhai2020macer,
  title={Macer: Attack-free and scalable robust training via maximizing certified radius},
  author={Zhai, Runtian and Dan, Chen and He, Di and Zhang, Huan and Gong, Boqing and Ravikumar, Pradeep and Hsieh, Cho-Jui and Wang, Liwei},
  journal={arXiv preprint arXiv:2001.02378},
  year={2020}
}


@article{salman2020denoised,
  title={Denoised smoothing: A provable defense for pretrained classifiers},
  author={Salman, Hadi and Sun, Mingjie and Yang, Greg and Kapoor, Ashish and Kolter, J Zico},
  journal={Advances in Neural Information Processing Systems},
  volume={33},
  pages={21945--21957},
  year={2020}
}

@article{horvath2021boosting,
  title={Boosting randomized smoothing with variance reduced classifiers},
  author={Horv{\'a}th, Mikl{\'o}s Z and M{\"u}ller, Mark Niklas and Fischer, Marc and Vechev, Martin},
  journal={arXiv preprint arXiv:2106.06946},
  year={2021}
}

@article{yang2021certified,
  title={On the certified robustness for ensemble models and beyond},
  author={Yang, Zhuolin and Li, Linyi and Xu, Xiaojun and Kailkhura, Bhavya and Xie, Tao and Li, Bo},
  journal={arXiv preprint arXiv:2107.10873},
  year={2021}
}

@article{jeong2021smoothmix,
  title={Smoothmix: Training confidence-calibrated smoothed classifiers for certified robustness},
  author={Jeong, Jongheon and Park, Sejun and Kim, Minkyu and Lee, Heung-Chang and Kim, Do-Guk and Shin, Jinwoo},
  journal={Advances in Neural Information Processing Systems},
  volume={34},
  pages={30153--30168},
  year={2021}
}

@inproceedings{lee2021provable,
  title={Provable defense by denoised smoothing with learned score function},
  author={Lee, Kyungmin},
  booktitle={ICLR Workshop on Security and Safety in Machine Learning Systems},
  year={2021}
}

@article{horvath2022robust,
  title={Robust and Accurate--Compositional Architectures for Randomized Smoothing},
  author={Horv{\'a}th, Mikl{\'o}s Z and M{\"u}ller, Mark Niklas and Fischer, Marc and Vechev, Martin},
  journal={arXiv preprint arXiv:2204.00487},
  year={2022}
}